@article{Hecker&Moses15Beyond,
	author  = {Joshua P. Hecker and Melanie E. Moses},
    title   = {Beyond pheromones: Evolving robust, adaptable, and scalable ant- 
    inspired robot swarms},
    journal = {Swarm Intelligence},
    year    = {2015},
    month   = {Feb},
    day     = {15},
    volume  = {9},
    number  = {1},
    pages   = {47-70},
}

@article{Baeza-Yates91searchingin,
	author  = {Ricardo A. Baeza-Yates and Joseph C. Culberson and Gregory J.E.  
	Rawlins},
    title   = {Searching in The Plane},
    journal = {INFORMATION AND COMPUTATION},
    year    = {1991},
    volume  = {106},
    number  = {2},
    pages   = {234-252}
}

@online{NasaSwarmathon,
  author = {Visit NasaSwarmathon.com for Swarm Robotics in space exploration},
  url = {http://nasaswarmathon.com},
}


